<?xml version="1.0" encoding="UTF-8"?><collection xmlns="http://www.loc.gov/MARC21/slim"><record><leader>00326nam--2200121-i-4500</leader><controlfield tag="001">000020502</controlfield><controlfield tag="002">20161230</controlfield><controlfield tag="005">20161230201033</controlfield><controlfield tag="008">060222s1000------------r-----000-0-eng-d</controlfield><datafield ind1=" " ind2=" " tag="080"><subfield code="a">621.039.5:341.16</subfield></datafield><datafield ind1=" " ind2=" " tag="245"><subfield code="a">Directory of nuclear research reactors 1994</subfield></datafield><datafield ind1=" " ind2=" " tag="260"><subfield code="a">Vienna, Int.Atomic Energy Agency, 1995. 896 P</subfield></datafield><datafield ind1=" " ind2=" " tag="852"><subfield code="a">80352</subfield></datafield></record></collection>